@book{ bib:metaheuristics, 
  author = { Люк Ш. }, 
  title =  { Основы метаэвристик },
  year =   { 2009 }
}

@book{ bib:miroshnik, 
  author = { Мирошник И. В. }, 
  title =  { Теория автоматического управления. Линейные системы },
  year =   { 2005 }
}

@misc{ bib:air-fish,
  author =       { Кононенко C. },
  howpublished = { \url{https://github.com/kononencheg/Air-Fish} },
  title =        { Система моделирования динамических систем }
}


@misc{ bib:gsl,
  author =       { Проект GNU }, 
  howpublished = { \url{http://www.gnu.org/software/gsl/} },
  title =        { Научная библиотека GNU  }
}
